@Book{FoP,
  author = 	 {Jearl Walker, David Halliday, Robert Resnick},
  ALTeditor = 	 {},
  title = 	 {Fundamentals of Physics, Extended},
  publisher = 	 {Wiley},
  year = 	 {2014},
  OPTkey = 	 {},
  OPTvolume = 	 {},
  OPTnumber = 	 {},
  OPTseries = 	 {},
  OPTaddress = 	 {},
  OPTedition = 	 {10},
  OPTmonth = 	 {},
  OPTnote = 	 {},
  OPTannote = 	 {}
}

